@String{AAAI =  "Proc. Nat'l Conf. on Artificial Intelligence"}
@String{AAMAS =  "Int'l Conf. on Autonomous Agents and Multi-Agent Systems"}
@String{ACC= "American Control Conf."}
@String{ACITLSCM = "Advances in Computational Intelligence in Transport, Logistics, and Supply Chain Management"}
@String{ACMEC = "Proc. ACM Conf. on Electronic Commerce"}
@String{AIJ = "Artificial Intelligence Journal"}
@String{AIMag = "AI Magazine"}
@String{COR = "Computers and Operations Research"}
@String{DARS = "Distributed Autonomous Robotic Systems (DARS)"}
@String{ECAI = "European Conference on Artificial Intelligence"}
@String{EJOR = "European Journal of Operational Research"}
@String{HISSBC = "Handbooks in Information Systems Series: Business Computing"}
@String{HRI = "ACM/IEEE Int'l Conf. on Human-Robot Interaction (HRI)"}
@string{IAS =    "Proc. of the Int'l Conf. on Intelligent Autonomous Systems"}
@String{IAT = "Intelligent Agent Technology. IEEE/WIC/ACM Int'l Conf. on"}
@String{ICAPS = "Proc. Int'l Conf. on Automated Planning and Scheduling"}
@String{ICEC = "Proc. Int'l Conf. on Electronic Commerce"}
@String{ICRA = "Proc. IEEE Int'l Conf. on Robotics and Automation"}
@String{ICTAI = "Tools with Artificial Intelligence. IEEE Int'l Conf. on"}
@String{IEEE = "Proceedings of the IEEE"}
@String{IJCAI = "Proc. Int'l Joint Conf. on Artificial Intelligence"}
@String{IJRR = "The International Journal of Robotics Research"}
@String{IROS = "Proc. IEEE/RSJ Int. Conf. on Intelligent Robots and Systems"}
@String{JAAMAS ="Journal of Autonomous Agents and Multi-Agent Systems"},
@String{JAIR = "Journal of Artificial Intelligence Research"} 
@String{ORP = "Operations Research Proceedings"}
@String{RAS = "Robotics and Autonomous Systems"}
@String{RSS = "Proc. Robotics: Science and Systems (RSS)"}
@String{SIS = "Swarm Intelligence Symposium"}
@String{TRO = "IEEE Trans. on Robotics"}

@inproceedings{Scer-Fari-05,
 author = {Paul Scerri and Alessandro Farinelli and Steven Okamoto and 
	Milind Tambe},
 title = {Allocating tasks in extreme teams},
 booktitle = AAMAS, 
 year = {2005},
 isbn = {1-59593-093-0},
 pages = {727--734},
 location = {The Netherlands},
 doi = {http://doi.acm.org/10.1145/1082473.1082584},
 NOpublisher = {ACM},
 }


@article{Ferreira2010,
 author = "Ferreira, Jr., Paulo R. and Fernando dos Santos and Ana L. C. Bazzan 
 and Daniel Epstein and Samuel J.  Waskow", 
 title = "Robo{C}up {R}escue as Multiagent Task Allocation among Teams: 
 experiments with task interdependencies",
 journal= JAAMAS,
 volume ="20",
 number = "3",
 pages = "421--443",
 year = "2010",
}


@inproceedings{Zhang2012,
 author = {Yu Zhang and Lynne E. Parker}, 
 title = {Task Allocation with Executable Coalitions in Multirobot Tasks}, 
 booktitle = ICRA,
 year = {2012},
  pages = {3307--3314},
}

@inproceedings{Nanjanath10,
  author = "Maitreyi Nanjanath and Alexander Erlandson and Sean Andrist
    and Aravind Ragipindi and Abdul Mohammed and Ankur Sharma and Maria
    Gini",
  title = "Decision and coordination strategies for {RoboCup Rescue}
      agents",
  booktitle = "Proc. SIMPAR",
  pages = " 473--484",
  year = "2010",
}

@article{Chapman2010,
 title = {Decentralised Dynamic Task Allocation Using Overlapping 
 	Potential Games},
 author = {Archie Chapman and Rosa Anna Micillo and Ramachandra Kota and 
 	Nick Jennings},
 year = {2010},
 journal = {The Computer Journal},
 }

@article{Sandholm99,
 author = {Sandholm, Tuomas and Larson, Kate and Andersson, Martin and Shehory, Onn and Tohm\'{e}, Fernando},
 title = {Coalition structure Generation with Worst Case Guarantees},
 journal = AI,
 volume = {111},
 number = {1--2}, 
 pages = {209--238},
 year = {1999},
 }

@inproceedings{Zheng08,
 author = {Zheng, Xiaoming and Koenig, Sven},
 title = {Reaction functions for task allocation to cooperative agents},
 booktitle = AAMAS,
 year = {2008},
 isbn = {978-0-9817381-1-6},
 NOlocation = {Estoril, Portugal},
 pages = {559--566},
 numpages = {8},
 NOurl = {http://dl.acm.org/citation.cfm?id=1402298.1402303},
 acmid = {1402303},
 NOpublisher = {International Foundation for Autonomous Agents and Multiagent Systems},
 NOaddress = {Richland, SC},
 keywords = {agent coordination, coalition formation, teamwork},
}

@article{Ramchurn10,
volume = {53},
number = {9},
author = {Sarvapali Ramchurn and Alessandro Farinelli and Kathryn
  Macarthur and Mariya Polukarov and Nick Jennings},
title = {Decentralised Coordination in {RoboCup Rescue}},
publisher = {Oxford Journals},
journal = {The Computer Journal},
pages = {1--15},
year = {2010}
}

@article{Kitano01,
  author = "Hiroaki Kitano and Satoshi Tadokoro",
 title = "{RoboCup R}escue: A Grand Challenge for Multiagent and Intelligent
 Systems",
 journal = "AI Magazine",
 volume = 22,
 number = 1,
 year = "2001",
 pages = "39--52",
 }

@article{Monares11,
  title = "Mobile computing in urban emergency situations: Improving the support to firefighters in the field",
  journal = "Expert Systems with Applications",
  volume = "38",
  number = "2",
  pages = "1255 - 1267",
  year = "2011",
  NOnote = "<ce:title>Intelligent Collaboration and Design</ce:title>",
  issn = "0957-4174",
  NOdoi = "10.1016/j.eswa.2010.05.018",
  NOurl = "http://www.sciencedirect.com/science/article/pii/S095741741000429X",
  author = "\'{A}lvaro Monares and Sergio F. Ochoa and Jos\'{e} A. Pino and Valeria Herskovic and Juan Rodriguez-Covili and Andr\'{e}s Neyem",
  NOkeywords = {Mobile collaborative application, Communication support, Emergency support, Decision support system, Mobile computing},
}

